% Encoding: UTF-8

@InProceedings{citeme,
  author    = {John Doe},
  title     = {A Project Proposal Citation},
  booktitle = {Best seller book: how to write a proposal?},
  year      = {2019},
  month     = {Oct},
}

@book{back1997handbook,
  title={Handbook of evolutionary computation},
  author={B{\"a}ck, Thomas and Fogel, David B and Michalewicz, Zbigniew},
  year={1997},
  publisher={CRC Press}
}

@inproceedings{kennedy1995particle,
  title={Particle swarm optimization},
  author={Kennedy, James and Eberhart, Russell},
  booktitle={Proceedings of ICNN'95-International Conference on Neural Networks},
  volume={4},
  pages={1942--1948},
  year={1995},
  organization={IEEE}
}
